<record><leader>00000cas a2200000 a 4500</leader><controlfield tag="001">10739673</controlfield><controlfield tag="008">840516d1856186uscuwr ne      0    0eng c</controlfield><datafield ind1=" " ind2=" " tag="010"><subfield code="a">sn 84026908 </subfield></datafield><datafield ind1=" " ind2=" " tag="040"><subfield code="a">NPU</subfield><subfield code="b">eng</subfield><subfield code="c">NPU</subfield><subfield code="d">NPX</subfield><subfield code="d">SVN</subfield><subfield code="d">FUG</subfield><subfield code="d">HLS</subfield><subfield code="d">OCL</subfield><subfield code="d">CVF</subfield><subfield code="d">OCLCQ</subfield><subfield code="d">OCLCF</subfield><subfield code="d">OCLCO</subfield></datafield><datafield ind1="1" ind2=" " tag="029"><subfield code="a">AU@</subfield><subfield code="b">000020436961</subfield></datafield><datafield ind1=" " ind2=" " tag="042"><subfield code="a">pcc</subfield></datafield><datafield ind1=" " ind2=" " tag="043"><subfield code="a">n-us-sc</subfield></datafield><datafield ind1="0" ind2=" " tag="130"><subfield code="a">Rising sun (Newberry, S.C.)</subfield></datafield><datafield ind1="1" ind2="4" tag="245"><subfield code="a">The rising sun.</subfield></datafield><datafield ind1=" " ind2=" " tag="260"><subfield code="a">Newberry, S.C. :</subfield><subfield code="b">Slider &amp; Greneker</subfield></datafield><datafield ind1=" " ind2=" " tag="300"><subfield code="a">v. ;</subfield><subfield code="c">62 cm.</subfield></datafield><datafield ind1=" " ind2=" " tag="310"><subfield code="a">Weekly</subfield></datafield><datafield ind1="1" ind2=" " tag="362"><subfield code="a">Began in 1856; ceased in Apr. 1865.</subfield></datafield><datafield ind1=" " ind2=" " tag="500"><subfield code="a">Editors: Thomas P. Slider, T.F. Greneker, &lt;1860&gt;.</subfield></datafield><datafield ind1=" " ind2=" " tag="515"><subfield code="a">Numbering irregular; v.2-&lt;3&gt; repeats in 1864-&lt;1865&gt;</subfield></datafield><datafield ind1=" " ind2=" " tag="588"><subfield code="a">Description based on: Vol. 3, no. 1 (Mar. 3, 1858).</subfield></datafield><datafield ind1=" " ind2="0" tag="651"><subfield code="a">Newberry (S.C.)</subfield><subfield code="v">Newspapers.</subfield></datafield><datafield ind1=" " ind2="0" tag="651"><subfield code="a">Newberry County (S.C.)</subfield><subfield code="v">Newspapers.</subfield></datafield><datafield ind1=" " ind2="7" tag="655"><subfield code="a">Newspapers.</subfield><subfield code="2">fast</subfield><subfield code="0">(OCoLC)fst01423814</subfield></datafield><datafield ind1=" " ind2="7" tag="651"><subfield code="a">South Carolina</subfield><subfield code="z">Newberry.</subfield><subfield code="2">fast</subfield><subfield code="0">(OCoLC)fst01208076</subfield></datafield><datafield ind1=" " ind2="7" tag="651"><subfield code="a">South Carolina</subfield><subfield code="z">Newberry County.</subfield><subfield code="2">fast</subfield><subfield code="0">(OCoLC)fst01208075</subfield></datafield><datafield ind1=" " ind2=" " tag="752"><subfield code="a">United States</subfield><subfield code="b">South Carolina</subfield><subfield code="c">Newberry</subfield><subfield code="d">Newberry.</subfield></datafield><datafield ind1="0" ind2="0" tag="785"><subfield code="t">Sun (Newberry, S.C. : 1865)</subfield><subfield code="w">(DLC)sn 92065593</subfield><subfield code="w">(OCoLC)26368835</subfield></datafield></record>